@article{marrero2019,
  author = {Marrero, Jos{\' e} and Garc{\' i}a, Alicia and Berrocoso, Manuel and Llinares, {\' A}ngeles and Rodr{\' i}guez-Losada, Antonio and Ortiz, R.},
  journal = {Journal of Applied Volcanology},
  year = {2019},
  month = {7},
  pages = {},
  title = {Strategies for the development of volcanic hazard maps in monogenetic volcanic fields: the example of {La} {Palma} ({Canary} {Islands})},
  volume = {8},
  doi = {10.1186/s13617-019-0085-5},
}
@inproceedings{Putirka_2008,
Author = {Putirka, Keith D.},
Editor = {{Putirka, KD and Tepley, FJ}},
Title = {{Thermometers and Barometers for Volcanic Systems}},
Booktitle = {{MINERALS, INCLUSIONS AND VOLCANIC PROCESSES}},
Series = {{Reviews in Mineralogy \& Geochemistry}},
Year = {{2008}},
Volume = {{69}},
Pages = {{61-120}},
Note = {{Annual Fall American-Geophysical-Union Meeting, San Francisco, CA, DEC
   13-14, 2008}},
Organization = {{Amer Geophys Union; Mineralog Soc Amer; Dept Energy}},
DOI = {{10.2138/rmg.2008.69.3}},
ISSN = {{1529-6466}},
EISSN = {{1943-2666}},
ISBN = {{978-0-939950-83-6}},
Unique-ID = {{ISI:000263064200004}},
}
@article{WATSON1983295,
title = "Zircon saturation revisited: temperature and composition effects in a variety of crustal magma types",
journal = "Earth and Planetary Science Letters",
volume = "64",
number = "2",
pages = "295 - 304",
year = "1983",
issn = "0012-821X",
doi = "https://doi.org/10.1016/0012-821X(83)90211-X",
url = "http://www.sciencedirect.com/science/article/pii/0012821X8390211X",
author = "E. Bruce Watson and T. Mark Harrison",
abstract = "Hydrothermal experiments in the temperature range 750â1020Â°C have defined the saturation behavior of zircon in crustal anatectic melts as a function of both temperature and composition. The results provide a model of zircon solubility given by: In DZrzircon/melt= â3.80â[0.85(Mâ1)]+12900/T where DZrzircon/melt is the concentration ratio of Zr in the stoichiometric zircon to that in the melt, T is the absolute temperature, and M is the cation ratio (Na + K + 2Ca)/(Al Â· Si). This solubility model is based principally upon experiments at 860Â°, 930Â°, and 1020Â°C, but has also been confirmed at temperatures up to 1500Â°C for M = 1.3. The lowest temperature experiments (750Â° and 800Â°C) yielded relatively imprecise, low solubilities, but the measured values (with assigned errors) are nevertheless in agreement with the predictions of the model. For M = 1.3 (a normal peraluminous granite), these results predict zircon solubilities ranging from âŒ 100 ppm dissolved Zr at 750Â°C to 1330 ppm at 1020Â°C. Thus, in view of the substantial range of bulk Zr concentrations observed in crustal granitoids (âŒ 50â350 ppm), it is clear that anatectic magmas can show contrasting behavior toward zircon in the source rock. Those melts containing insufficient Zr for saturation in zircon during melting can have achieved that condition only by consuming all zircon in the source. On the other hand, melts with higher Zr contents (appropriate to saturation in zircon) must be regarded as incapable of dissolving additional zircon, whether it be located in the residual rocks or as crystals entrained in the departing melt fraction. This latter possibility is particularly interesting, inasmuch as the inability of a melt to consume zircon means that critical geochemical âindicatorsâ contained in the undissolved zircon (e.g. heavy rare earths, Hf, U, Th, and radiogenic Pb) can equilibrate with the contacting melt only by solid-state diffusion, which may be slow relative to the time scale of the melting event."
}

@inproceedings{seabold2010statsmodels,
  title={statsmodels: Econometric and statistical modeling with python},
  author={Seabold, Skipper and Perktold, Josef},
  booktitle={9th Python in Science Conference},
  year={2010},
}
@ARTICLE{2020SciPy-NMeth,
  author  = {Virtanen, Pauli and Gommers, Ralf and Oliphant, Travis E. and
            Haberland, Matt and Reddy, Tyler and Cournapeau, David and
            Burovski, Evgeni and Peterson, Pearu and Weckesser, Warren and
            Bright, Jonathan and {van der Walt}, St{\'e}fan J. and
            Brett, Matthew and Wilson, Joshua and Millman, K. Jarrod and
            Mayorov, Nikolay and Nelson, Andrew R. J. and Jones, Eric and
            Kern, Robert and Larson, Eric and Carey, C J and
            Polat, {\.I}lhan and Feng, Yu and Moore, Eric W. and
            {VanderPlas}, Jake and Laxalde, Denis and Perktold, Josef and
            Cimrman, Robert and Henriksen, Ian and Quintero, E. A. and
            Harris, Charles R. and Archibald, Anne M. and
            Ribeiro, Ant{\^o}nio H. and Pedregosa, Fabian and
            {van Mulbregt}, Paul and {SciPy 1.0 Contributors}},
  title   = {{{SciPy} 1.0: Fundamental Algorithms for Scientific
            Computing in Python}},
  journal = {Nature Methods},
  year    = {2020},
  volume  = {17},
  pages   = {261--272},
  adsurl  = {https://rdcu.be/b08Wh},
  doi     = {10.1038/s41592-019-0686-2},
}
@article{boehnke2013zircon,
  title={Zircon saturation re-revisited},
  author={Boehnke, Patrick and Watson, E Bruce and Trail, Dustin and Harrison, T Mark and Schmitt, Axel K},
  journal={Chemical Geology},
  volume={351},
  pages={324--334},
  year={2013},
  publisher={Elsevier}
}
@article{gervasoni2016zircon,
  title={Zircon saturation in silicate melts: a new and improved model for aluminous and alkaline melts},
  author={Gervasoni, Fernanda and Klemme, Stephan and Rocha-J{\'u}nior, Eduardo RV and Berndt, Jasper},
  journal={Contributions to Mineralogy and Petrology},
  volume={171},
  number={3},
  pages={21},
  year={2016},
  publisher={Springer}
}
@book{robie1995thermodynamic,
  title={Thermodynamic properties of minerals and related substances at 298.15 K and 1 bar (105 Pascals) pressure and at higher temperatures},
  author={Robie, Richard A and Hemingway, Bruce S},
  volume={2131},
  year={1995},
  publisher={US Government Printing Office}
}
@article{watson1979zircon,
  title={Zircon saturation in felsic liquids: experimental results and applications to trace element geochemistry},
  author={Watson, E Bruce},
  journal={Contributions to Mineralogy and Petrology},
  volume={70},
  number={4},
  pages={407--419},
  year={1979},
  publisher={Springer}
}
@article{nicholls1969peralkaline,
  title={Peralkaline acid liquids: a petrological study},
  author={Nicholls, Jim and Carmichael, ISE},
  journal={Contributions to mineralogy and petrology},
  volume={20},
  number={3},
  pages={268--294},
  year={1969},
  publisher={Springer}
}
@article{carmichael1967mineralogy,
  title={The mineralogy and petrology of the volcanic rocks from the Leucite Hills, Wyoming},
  author={Carmichael, Ian SE},
  journal={Contributions to Mineralogy and Petrology},
  volume={15},
  number={1},
  pages={24--66},
  year={1967},
  publisher={Springer}
}
@article{linthout1984alkali,
  title={Alkali-zirconosilicates in peralkaline rocks},
  author={Linthout, K},
  journal={Contributions to Mineralogy and Petrology},
  volume={86},
  number={2},
  pages={155--158},
  year={1984},
  publisher={Springer}
}
@book{carmichael1974igneous,
  title={Igneous petrology},
  author={Carmichael, Ian SE and Turner, Francis J and Verhoogen, John},
  year={1974},
  publisher={New York, McGraw-Hill}
}
@article{lowenstern1991new,
  title={New data on magmatic H 2 O contents of pantellerites, with implications for petrogenesis and eruptive dynamics at Pantelleria},
  author={Lowenstern, Jacob B and Mahood, Gail A},
  journal={Bulletin of Volcanology},
  volume={54},
  number={1},
  pages={78--83},
  year={1991},
  publisher={Springer}
}
@book{prigogine1954treatise,
  title={Chemical Thermodynamics},
  author={Prigogine, Ilya and Defay, Raymond},
  pages={543},
  year={1954},
  publisher={Longmans, Green}
}
@article{ghiorso1995chemical,
  title={Chemical mass transfer in magmatic processes IV. A revised and internally consistent thermodynamic model for the interpolation and extrapolation of liquid-solid equilibria in magmatic systems at elevated temperatures and pressures},
  author={Ghiorso, Mark S and Sack, Richard O},
  journal={Contributions to Mineralogy and Petrology},
  volume={119},
  number={2-3},
  pages={197--212},
  year={1995},
  publisher={Springer}
}
@article{asimow1998algorithmic,
  title={Algorithmic modifications extending MELTS to calculate subsolidus phase relations},
  author={Asimow, Paul D and Ghiorso, Mark S},
  journal={American Mineralogist},
  volume={83},
  number={9-10},
  pages={1127--1132},
  year={1998},
  publisher={De Gruyter}
}
@article{ghiorso2002pmelts,
  title={The pMELTS: A revision of MELTS for improved calculation of phase relations and major element partitioning related to partial melting of the mantle to 3 GPa},
  author={Ghiorso, Mark S and Hirschmann, Marc M and Reiners, Peter W and Kress, Victor C},
  journal={Geochemistry, Geophysics, Geosystems},
  volume={3},
  number={5},
  pages={1--35},
  year={2002},
  publisher={Wiley Online Library}
}
@article{gualda2012rhyolite,
  title={Rhyolite-MELTS: a modified calibration of MELTS optimized for silica-rich, fluid-bearing magmatic systems},
  author={Gualda, Guilherme AR and Ghiorso, Mark S and Lemons, Robin V and Carley, Tamara L},
  journal={Journal of Petrology},
  volume={53},
  number={5},
  pages={875--890},
  year={2012},
  publisher={Oxford University Press}
}
@article{sack1991chromian,
  title={Chromian spinels as petrogenetic indicators: Thermodynamics and petrological applications},
  author={Sack, Richard O and Ghiorso, Mark S},
  journal={American Mineralogist},
  volume={76},
  number={5-6},
  pages={827--847},
  year={1991},
  publisher={Mineralogical Society of America}
}
@article{ghiorso2008thermodynamics,
  title={Thermodynamics of rhombohedral oxide solid solutions and a revision of the Fe-Ti two-oxide geothermometer and oxygen-barometer},
  author={Ghiorso, Mark S and Evans, Bernard W},
  journal={American Journal of science},
  volume={308},
  number={9},
  pages={957--1039},
  year={2008},
  publisher={American Journal of Science}
}
@article{ghiorso1983gibbs,
  title={The Gibbs free energy of mixing of natural silicate liquids; an expanded regular solution approximation for the calculation of magmatic intensive variables},
  author={Ghiorso, Mark S and Carmichael, Ian SE and Rivers, Mark L and Sack, Richard O},
  journal={Contributions to Mineralogy and Petrology},
  volume={84},
  number={2-3},
  pages={107--145},
  year={1983},
  publisher={Springer}
}
@article{sack1991internally,
  title={An internally consistent model for the thermodynamic properties of Fe- Mg-titanomagnetite-aluminate spinels},
  author={Sack, Richard O and Ghiorso, Mark S},
  journal={Contributions to Mineralogy and Petrology},
  volume={106},
  number={4},
  pages={474--505},
  year={1991},
  publisher={Springer}
}
@article{ghiorso2015h,
  title={An H2O--CO2 mixed fluid saturation model compatible with rhyolite-MELTS},
  author={Ghiorso, Mark S and Gualda, Guilherme AR},
  journal={Contributions to Mineralogy and Petrology},
  volume={169},
  number={6},
  pages={53},
  year={2015},
  publisher={Springer}
}
@article{ghiorso1985chemical,
  title={Chemical mass transfer in magmatic processes. 2. Applications in equilibrium crystallization, fractionation and assimilation},
  author={Ghiorso, MS and Carmichael, ISE},
  journal={Contributions to Mineralogy and Petrology},
  volume={90},
  number={2-3},
  pages={121--141},
  year={1985}
}
@article{sack1994athermodynamics,
  title={Thermodynamics of multicomponent pyroxenes: II. Phase relations in the quadrilateral},
  author={Sack, Richard O and Ghiorso, Mark S},
  journal={Contributions to Mineralogy and Petrology},
  volume={116},
  number={3},
  pages={287--300},
  year={1994},
  publisher={Springer}
}
@article{sack1994bthermodynamics,
  title={Thermodynamics of multicomponent pyroxenes: I. Formulation of a general model},
  author={Sack, Richard O and Ghiorso, Mark S},
  journal={Contributions to Mineralogy and Petrology},
  volume={116},
  number={3},
  pages={277--286},
  year={1994},
  publisher={Springer}
}
@article{ghiorso2013method,
  title={A method for estimating the activity of titania in magmatic liquids from the compositions of coexisting rhombohedral and cubic iron--titanium oxides},
  author={Ghiorso, Mark S and Gualda, Guilherme AR},
  journal={Contributions to Mineralogy and Petrology},
  volume={165},
  number={1},
  pages={73--81},
  year={2013},
  publisher={Springer}
}
@article{ghiorso1994algorithms,
  title={Algorithms for the estimation of phase stability in heterogeneous thermodynamic systems},
  author={Ghiorso, Mark S},
  journal={Geochimica et Cosmochimica Acta},
  volume={58},
  number={24},
  pages={5489--5501},
  year={1994},
  publisher={Pergamon}
}
@article{ghiorso1987evaluating,
  title={Evaluating reaction stoichiometry in magmatic systems evolving under generalized thermodynamic constraints: examples comparing isothermal and isenthalpic assimilation},
  author={Ghiorso, Mark S and Kelemen, Peter B},
  journal={Magmatic Processes: Physicochemical Principles},
  volume={1},
  pages={319--336},
  year={1987},
  publisher={Geochem. Soc. State College, Pa.}
}
@book{lawson1995solving,
  title={Solving least squares problems},
  author={Lawson, Charles L and Hanson, Richard J},
  pages={340},
  year={1974},
  publisher={Prentice-Hall}
}
@article{ISI:A1985ALE5400002,
Author = {Ghiorso, MS},
Title = {{Chemical Mass-transfer In Magmatic Processes .1. Thermodynamic Relations
   And Numerical Algorithms}},
Journal = {{Contributions To Mineralogy And Petrology}},
Year = {{1985}},
Volume = {{90}},
Number = {{2-3}},
Pages = {{107-120}},
Publisher = {{Springer}},
Address = {{233 SPRING ST, NEW YORK, NY 10013 USA}},
Type = {{Article}},
Language = {{English}},
Affiliation = {{Ghiorso, Ms (reprint Author), Univ Washington, Dept Geol Sci, Seattle, Wa 98195 Usa.}},
DOI = {{10.1007/BF00378254}},
ISSN = {{0010-7999}},
Research-Areas = {{Geochemistry \& Geophysics; Mineralogy}},
Web-of-Science-Categories  = {{Geochemistry \& Geophysics; Mineralogy}},
Number-of-Cited-References = {{55}},
Times-Cited = {{112}},
Usage-Count-Last-180-days = {{2}}
}
@article{ISI:000313688600019,
Author = {Ghiorso, Mark S.},
Title = {{A globally convergent saturation state algorithm applicable to
   thermodynamic systems with a stable or metastable omni-component phase}},
Journal = {{Geochimica Et Cosmochimica Acta}},
Year = {{2013}},
Volume = {{103}},
Pages = {{295-300}},
Month = {{FEB 15}},
DOI = {{10.1016/j.gca.2012.11.013}},
ISSN = {{0016-7037}},
EISSN = {{1872-9533}},
Unique-ID = {{ISI:000313688600019}},
}
@book{korzhinskiui1959physicochemical,
  title={Physicochemical Basis of the Analysis of the Paragenesis of Minerals},
  author={Korzhinski{\u\i}, Dmitri{\u\i} Sergeevich},
  year={1959},
  publisher={Consultants Bureau}
}
@article{Gibbs-1,
Author = {Gibbs, J. Willard},
Title = {{On the Equilibrium of Heterogeneous Substances}},
Journal = {{Transactions of the Connecticut Academy of Arts and Sciences}},
Year = {{1876}},
Volume = {{3}},
Pages = {{108-248}},
}
@article{Gibbs-2,
Author = {Gibbs, J. Willard},
Title = {{On the Equilibrium of Heterogeneous Substances}},
Journal = {{Transactions of the Connecticut Academy of Arts and Sciences}},
Year = {{1878}},
Volume = {{3}},
Pages = {{343-524}},
}
@book{duhem1,
Author = {Duhem, P.},
Title = {{Traité élémentaire de Mécanique chimique, fondée sur la Thermodynamique}},
Year = {{1899}},
Volume = {{4}},
Pages = {{381}},
publisher={Paris: Librairie scientifique, A. Hermann}
}
@book{callen,
Author = {Callen, Herbert B.},
Title = {{Thermodynamics and an Introduction to Thermostatics, 2nd ed.}},
Year = {{1985}},
Pages = {{493}},
publisher={John Wiley and Sons}
}